A00000000100000054901061024324                                                                                                                                                                                                                                                                                                                                                                                                                                                                                                                                                                                                                                                                                                                                                                                                                                                                                                                                                                                                                                                                                                                                                                                                                                                                                                                                                                                                                                                                                          
G0000000020000005490    024379                                  000021126700000E0069800001241118         2    LES ENTREPRISES P                                         024534                                  000016096500000E0069800001241118         2    LETENDRE AUTO (200                                        024619                                  000032193000000E0069800001241118         2    ASSURANCIA INC                                            024632                                  000006036200000E0069800001241118         2    LES ENTREPRISES P                                         242459                                  000065679500000I8153043501241119         2    9180-7842 QUEBEC INC.                                                                                                                                                                                                                                                                                                                                                                                                                                                                                                                                                                                                                                                                                                                                                                                     
Z0000000030000005490106100000050000000141131900000000000000000000014113190000000000000000000000000000000000000000000000000                                                                                                                                                                                                                                                                                                                                                                                                                                                                                                                                                                                                                                                                                                                                                                                                                                                                                                                                                                                                                                                                                                                                                                                                                                                                                                                                                                                              
